<?xml version="1.0" encoding="UTF-8"?><collection xmlns="http://www.loc.gov/MARC21/slim"><record><leader>00436nam--2200169-i-4500</leader><controlfield tag="001">000015765</controlfield><controlfield tag="002">20161230</controlfield><controlfield tag="005">20170301235828</controlfield><controlfield tag="008">060222s1000------------r-----000-0-eng-d</controlfield><datafield ind1=" " ind2=" " tag="100"><subfield code="a">Duna, Ilie</subfield></datafield><datafield ind1=" " ind2=" " tag="245"><subfield code="a">Defectoscopie electromagnetica</subfield></datafield><datafield ind1=" " ind2=" " tag="260"><subfield code="a">Bucuresti</subfield><subfield code="b">Ed.Tehnica</subfield><subfield code="c">1986</subfield></datafield><datafield ind1=" " ind2=" " tag="300"><subfield code="a">239 p</subfield></datafield><datafield ind1=" " ind2=" " tag="490"><subfield code="a">Seria Fizica Moderna Aplicata</subfield></datafield><datafield ind1=" " ind2=" " tag="700"><subfield code="a">Samarescu, Dan Florian</subfield></datafield><datafield ind1=" " ind2=" " tag="852"><subfield code="a">620.179</subfield></datafield><datafield ind1=" " ind2=" " tag="CAT"><subfield code="a">SYS</subfield><subfield code="c">20170301</subfield><subfield code="h">235828</subfield></datafield></record></collection>